% This file was created with Citavi 5.5.0.1

@book{Balzert.2009,
 abstract = {Die Softwaretechnik bildet einen Grundpfeiler der Informatik. Jede Softwareentwicklung basiert auf Prinzipien, Methoden und Werkzeugen. Mit Basiskonzepten kann die Statik, Dynamik und Logik von Softwaresystemen beschrieben und modelliert werden. Die Anforderungen an ein neues Softwareprodukt zu ermitteln, zu spezifizieren, zu analysieren, zu validieren und daraus eine fachliche L{\"o}sung abzuleiten bzw. ein Produktmodell zu entwickeln, geh{\"o}rt mit zu den anspruchsvollsten Aufgaben innerhalb der Softwaretechnik. Dieser Band des dreiteiligen Lehrbuchs der Softwaretechnik vermittelt in systematischer und klassifizierender Art und Weise die Basistechniken und die Basiskonzepte der Softwareentwicklung und beschreibt die Aktivit{\"a}ten, Artefakte und Methoden des Requirements Engineering. Das Buch besteht aus 4 Teilen und 27 Kapiteln.},
 author = {Balzert, Helmut},
 year = {2009},
 title = {Lehrbuch der Softwaretechnik: Basiskonzepte und Requirements-Engineering},
 address = {Heidelberg},
 edition = {3. Aufl.},
 publisher = {{Spektrum, Akad. Verl.}},
 isbn = {978-3-8274-1705-3},
 series = {Lehrb{\"u}cher der Informatik}
}


@book{Kochanowski.2015,
 author = {Kochanowski, Monika},
 year = {2015},
 title = {Vorgehensmodell zur Steuerung komplexer dynamischer Gesch{\"a}ftsprozesse am Beispiel von Dienstleistungsprozessen},
 address = {Stuttgart},
 volume = {20},
 publisher = {{Fraunhofer Verlag}},
 isbn = {978-3-8396-0873-9},
 series = {Schriftenreihe zu Arbeitswissenschaft und Technologiemanagement}
}


@book{Koether.2017,
 author = {Koether, Reinhard and Meier, Klaus-J{\"u}rgen},
 year = {2017},
 title = {Lean Production f{\"u}r die variantenreiche Einzelfertigung},
 address = {Wiesbaden},
 publisher = {{Springer Fachmedien Wiesbaden}},
 isbn = {978-3-658-13968-1},
 doi = {10.1007/978-3-658-13969-8}
}


@book{Kotter.2014,
 author = {K{\"o}tter, Falko and Kochanowski, Monika and Renner, Thomas},
 year = {2014},
 title = {{\"U}berwachung in Gesch{\"a}ftsprozessen: Business Process Management Tools 2014 ; [Schwerpunktstudie zum Thema {\"U}berwachung f{\"u}r Gesch{\"a}ftsprozessmanagement-Werkzeuge]},
 address = {Stuttgart},
 publisher = {Fraunhofer-Verl.},
 isbn = {978-3-8396-0787-9}
}


@book{Krypczyk.2018,
 author = {Krypczyk, Veikko and Bochkor, Olena},
 year = {2018},
 title = {Handbuch f{\"u}r Softwareentwickler},
 url = {https://s3-eu-west-1.amazonaws.com/gxmedia.galileo-press.de/leseproben/4329/leseprobe_rheinwerk_handbuch_fuer_softwareentwickler.pdf},
 price = {Festeinband : EUR 49.90 (DE), EUR 51.30 (AT), CHF 63.90 (freier Preis)},
 address = {Bonn},
 edition = {1. Auflage},
 publisher = {{Rheinwerk Verlag}},
 isbn = {978-3-8362-4476-3},
 series = {Rheinwerk Computing},
 institution = {{Galileo Press}}
}


@book{Kurbel.2013,
 author = {Kurbel, Karl E.},
 year = {2013},
 title = {Enterprise Resource Planning and Supply Chain Management},
 address = {Berlin, Heidelberg},
 publisher = {{Springer Berlin Heidelberg}},
 isbn = {978-3-642-31572-5},
 doi = {10.1007/978-3-642-31573-2}
}


@book{Leiting.2012,
 author = {Leiting, Andreas},
 year = {2012},
 title = {Unternehmensziel ERP-Einf{\"u}hrung},
 address = {Wiesbaden},
 publisher = {{Springer Fachmedien Wiesbaden}},
 isbn = {978-3-8349-4461-0},
 doi = {10.1007/978-3-8349-4462-7}
}


@book{Muller.2011,
 author = {M{\"u}ller, Arno and Schr{\"o}der, Hinrich and Thienen, Lars},
 year = {2011},
 title = {Lean IT-Management: Was die IT aus Produktionssystemen lernen kann},
 url = {https://doi.org/10.1007/978-3-8349-6715-2},
 address = {Wiesbaden},
 publisher = {Gabler},
 isbn = {978-3-8349-2910-5},
 series = {SpringerLink B{\"u}cher},
 doi = {10.1007/978-3-8349-6715-2}
}


@book{Nagele.2017,
 author = {N{\"a}gele, Rainer Michael},
 year = {2017},
 title = {Ein Verfahren zur technisch-induzierten Gestaltung von Gesch{\"a}ftsmodellen},
 address = {Stuttgart},
 volume = {38},
 publisher = {{Fraunhofer Verlag}},
 isbn = {978-3-8396-1174-6},
 series = {Schriftenreihe zu Arbeitswissenschaft und Technologiemanagement}
}


@book{Nissen.2006,
 author = {Nissen, Volker and Schneider, Herfried},
 year = {2006},
 title = {Prozessorientiertes Corporate Performance Measurement: Methoden, Konzepte, Anwendungen ; [Tagungsband zur Veranstaltung {\dq}Prozessorientiertes Corporate Performance Measurement{\dq} am 23. Juni 2006 an der TU Ilmenau]},
 address = {Erfurt},
 edition = {1. Aufl.},
 volume = {23]},
 publisher = {IWT},
 isbn = {978-3-9811030-0-7},
 series = {[IWT-Schriften},
 institution = {{Veranstaltung {\dq}Prozessorientiertes Corporate Performance Measurement{\dq}}}
}


@book{Peissner.2013,
 author = {Peissner, Matthias and Hipp, Cornelia},
 year = {2013},
 title = {Potenziale der Mensch-Technik Interaktion f{\"u}r die effiziente und vernetzte Produktion von morgen},
 address = {Stuttgart},
 publisher = {{Fraunhofer Verlag}},
 isbn = {978-3-8396-0563-9}
}


@book{Rau.2016,
 author = {Rau, Karl-Heinz},
 year = {2016},
 title = {Agile objektorientierte Software-Entwicklung},
 address = {Wiesbaden},
 publisher = {{Springer Fachmedien Wiesbaden}},
 isbn = {978-3-658-00775-1},
 doi = {10.1007/978-3-658-00776-8}
}


@article{RobraBissantz.2009,
 author = {Robra-Bissantz, Susanne and Rumpe, Bernhard and Helmholz, Patrick and Kozlowski, Elena and Rei{\ss}, Dirk and Siegel, Silke},
 year = {2009},
 title = {Software Engineering serviceorientierter Prozesse},
 pages = {26--34},
 volume = {46},
 number = {2},
 issn = {1436-3011},
 journal = {HMD Praxis der Wirtschaftsinformatik},
 doi = {10.1007/BF03340340}
}


@article{Schaaf.2015,
 author = {Schaaf, Marc and Wilke, Gwendolin},
 year = {2015},
 title = {Ereignisverarbeitung zur Flexiblen Dynamischen Informationsverarbeitung in Smart Cities},
 pages = {562--571},
 volume = {52},
 number = {4},
 issn = {1436-3011},
 journal = {HMD Praxis der Wirtschaftsinformatik},
 doi = {10.1365/s40702-015-0149-x}
}


@book{Schell.2017,
 author = {Schell, Otto and Schmid-Lutz, Veronika and Schocke, Kai-Oliver and Stockrahm, Volker and Zinovieva, Julia},
 year = {2017},
 title = {Industrie 4.0 mit SAP: Strategien und Anwendungsf{\"a}lle f{\"u}r die moderne Fertigung},
 price = {: Festeinband : EUR 69.90 (DE), EUR 71.90 (AT), sfr 91.90 (freier Preis)},
 address = {Bonn},
 edition = {1. Auflage},
 publisher = {{Rheinwerk Verlag GmbH}},
 isbn = {978-3-8362-4272-1},
 series = {Rheinwerk Publishing}
}


@book{Schneider.2018,
 author = {Schneider, Thomas and Wolf, Werner},
 year = {2018},
 title = {Erweiterungen f{\"u}r SAP S4HANA: Das Praxishandbuch},
 price = {:  : EUR 79.90 (DE), EUR 82.20 (AT), CHF 102.90 (freier Preis)},
 address = {Bonn},
 edition = {1. Auflage},
 publisher = {{Rheinwerk Verlag}},
 isbn = {978-3-8362-6204-0},
 series = {Rheinwerk Publishing},
 institution = {{Galileo Press}}
}


@book{Schuh.2012,
 author = {Schuh, G{\"u}nther and Stich, Volker},
 year = {2012},
 title = {Produktionsplanung und -steuerung 2},
 address = {Berlin, Heidelberg},
 publisher = {{Springer Berlin Heidelberg}},
 isbn = {978-3-642-25426-0},
 doi = {10.1007/978-3-642-25427-7}
}


@book{Spath.2013,
 year = {2013},
 title = {Produktionsarbeit der Zukunft - Industrie 4.0},
 address = {Stuttgart},
 publisher = {Fraunhofer-Verl.},
 isbn = {978-3-8396-0570-7},
 editor = {Spath, Dieter}
}


@book{Staud.2006,
 author = {Staud, Josef L.},
 year = {2006},
 title = {Gesch{\"a}ftsprozessanalyse: Ereignisgesteuerte Prozessketten und objektorientierte Gesch{\"a}ftsprozessmodellierung f{\"u}r Betriebswirtschaftliche Standardsoftware},
 url = {https://doi.org/10.1007/3-540-37976-2},
 address = {Berlin, Heidelberg},
 edition = {Dritte Auflage},
 publisher = {{Springer Berlin Heidelberg}},
 isbn = {978-3-540-24510-0},
 series = {SpringerLink B{\"u}cher},
 doi = {10.1007/3-540-37976-2}
}


@book{Syska.2006,
 author = {Syska, Andreas},
 year = {2006},
 title = {Produktionsmanagement: Das A --- Z wichtiger Methoden und Konzepte f{\"u}r die Produktion von heute},
 url = {https://doi.org/10.1007/978-3-8349-9091-4},
 address = {Wiesbaden},
 publisher = {Gabler},
 isbn = {3-8349-0235-7},
 series = {SpringerLink B{\"u}cher},
 doi = {10.1007/978-3-8349-9091-4}
}


@book{Vidackovic.2014,
 author = {Vida{\v{c}}kovi{\'c}, Kre{\v{s}}imir},
 year = {2014},
 title = {Eine Methode zur Entwicklung dynamischer Gesch{\"a}ftsprozesse auf Basis von Ereignisverarbeitung},
 address = {Stuttgart},
 volume = {15},
 publisher = {Fraunhofer-Verl.},
 isbn = {978-3-8396-0772-5},
 series = {Schriftenreihe zu Arbeitswissenschaft und Technologiemanagement}
}


@book{Vidackovic.2010,
 author = {Vida{\v{c}}kovi{\'c}, Kre{\v{s}}imir and Renner, Thomas and Rex, Sascha},
 year = {2010},
 title = {Markt{\"u}bersicht Real-Time-Monitoring-Software: Event-Processing-Tools im {\"U}berblick},
 address = {Stuttgart},
 publisher = {Fraunhofer-Verl.},
 isbn = {978-3-8396-0185-3}
}


@incollection{Koch.2011,
 author = {Koch, Susanne},
 title = {Methoden des Prozessmanagements},
 pages = {47--114},
 publisher = {{Springer Berlin Heidelberg}},
 isbn = {978-3-642-01120-7},
 editor = {Koch, Susanne},
 booktitle = {Einf{\"u}hrung in das Management von Gesch{\"a}ftsprozessen},
 year = {2011},
 address = {Berlin, Heidelberg},
 doi = {10.1007/978-3-642-01121-4{\textunderscore }2}
}


@book{Wagner.2018,
 author = {Wagner, Rainer Maria},
 year = {2018},
 title = {Industrie 4.0 f{\"u}r die Praxis},
 address = {Wiesbaden},
 publisher = {{Springer Fachmedien Wiesbaden}},
 isbn = {978-3-658-21117-2},
 doi = {10.1007/978-3-658-21118-9}
}


@book{Koch.2011b,
 year = {2011},
 title = {Einf{\"u}hrung in das Management von Gesch{\"a}ftsprozessen},
 address = {Berlin, Heidelberg},
 publisher = {{Springer Berlin Heidelberg}},
 isbn = {978-3-642-01120-7},
 editor = {Koch, Susanne},
 doi = {10.1007/978-3-642-01121-4}
}


@book{Kaiser.2014,
 author = {Kaiser, Robert},
 year = {2014},
 title = {Qualitative Experteninterviews},
 address = {Wiesbaden},
 publisher = {{Springer Fachmedien Wiesbaden}},
 isbn = {978-3-658-02478-9},
 doi = {10.1007/978-3-658-02479-6}
}


@book{Bar.2018,
 author = {B{\"a}r, Christian and Gr{\"a}dler, Thomas and Mayr, Robert},
 year = {2018},
 title = {Digitalisierung im Spannungsfeld von Politik, Wirtschaft, Wissenschaft und Recht},
 address = {Berlin, Heidelberg},
 publisher = {{Springer Gabler}},
 isbn = {978-3-662-55720-4}
}


@book{Baur.2019,
 author = {Baur, Nina and Blasius, J{\"o}rg},
 year = {2019},
 title = {Handbuch Methoden der empirischen Sozialforschung},
 address = {Wiesbaden},
 publisher = {{Springer Fachmedien Wiesbaden}},
 isbn = {978-3-658-21307-7},
 doi = {10.1007/978-3-658-21308-4}
}


@book{Bechmann.2010,
 author = {Bechmann, Reinhard and Landerer, Silke},
 year = {2010},
 title = {Qualit{\"a}tsmanagement und kontinuierlicher Verbesserungsprozess},
 address = {Frankfurt am Main},
 publisher = {{Bund Verlag}},
 isbn = {978-3-7663-6012-0},
 series = {Betriebs- und Dienstvereinbarungen}
}


@book{Beier.2016,
 author = {Beier, Jens and Wassiltschenko, Alexander and R{\"o}ckelein, Wolfgang},
 year = {2016},
 title = {Mobile Gesch{\"a}ftsprozesse mit SAP: Strategien entwickeln, mobile L{\"o}sungen ausw{\"a}hlen und ROI optimieren},
 address = {Bonn},
 edition = {1. Auflage, neue Ausgabe},
 publisher = {Rheinwerk and {SAP Press}},
 isbn = {978-3-8362-4028-4},
 series = {SAP PRESS}
}


@book{Benker.2016,
 author = {Benker, Thomas and J{\"u}rck, Carsten and Wolf, Matthias},
 year = {2016},
 title = {Gesch{\"a}ftsprozessorientierte Systementwicklung},
 address = {Wiesbaden},
 publisher = {{Springer Fachmedien Wiesbaden}},
 isbn = {978-3-658-14825-6},
 doi = {10.1007/978-3-658-14826-3}
}


@book{Borangiu.2015,
 author = {Borangiu, Theodor and Thomas, Andr{\'e} and Trentesaux, Damien},
 year = {2015},
 title = {Service Orientation in Holonic and Multi-agent Manufacturing},
 address = {Cham},
 volume = {594},
 publisher = {{Springer International Publishing}},
 isbn = {978-3-319-15158-8},
 doi = {10.1007/978-3-319-15159-5}
}


@book{Bruns.2010,
 author = {Bruns, Ralf and Dunkel, J{\"u}rgen},
 year = {2010},
 title = {Event-Driven Architecture},
 address = {Berlin, Heidelberg},
 publisher = {{Springer Berlin Heidelberg}},
 isbn = {978-3-642-02438-2},
 doi = {10.1007/978-3-642-02439-9}
}


@book{Densborn.2018,
 author = {Densborn, Frank and Finkbohner, Frank and Freudenberg, Jochen and Math{\"a}{\ss}, Kim and Wagner, Frank},
 year = {2018},
 title = {Migration nach SAP S4HANA},
 price = {(Festeinband : EUR 79.90 (DE), EUR 82.20 (AT), CHF 102.90 (freier Preis))},
 address = {Bonn},
 edition = {2., aktualisierte und erweiterte Auflage},
 publisher = {{Rheinwerk Publishing}},
 isbn = {978-3-8362-6316-0},
 series = {SAP PRESS},
 institution = {{Galileo Press}}
}


@book{Dickersbach.2014,
 author = {Dickersbach, J{\"o}rg Thomas and Keller, Gerhard},
 year = {2014},
 title = {Produktionsplanung und -steuerung mit SAP ERP: [umfassendes Handbuch zur diskreten Fertigung mit SAP ; Prozesse und Customizing von PP verst{\"a}ndlich erkl{\"a}rt ; mit Informationen zu Sonderbeschaffungsformen und zur Integration mit SAP APO]},
 price = {Gb. : EUR 69.90 (DE), EUR 71.90 (AT), sfr 89.90 (freier Pr.)},
 address = {Bonn and Boston},
 edition = {4., aktualisierte Aufl.},
 publisher = {{Galileo Press}},
 isbn = {978-3-8362-2708-7},
 series = {SAP PRESS}
}


@book{Dittrich.2009,
 author = {Dittrich, J{\"o}rg and Hau, Michael and Hufgard, Andreas and Mertens, Peter},
 year = {2009},
 title = {Dispositionsparameter in der Produktionsplanung mit SAP{\circledR}: Einstellhinweise Wirkungen Nebenwirkungen},
 url = {https://doi.org/10.1007/978-3-8348-9578-3},
 address = {Wiesbaden},
 edition = {5., aktualisierte Auflage},
 publisher = {Vieweg+Teubner},
 isbn = {978-3-8348-0715-1},
 series = {SpringerLink B{\"u}cher},
 doi = {10.1007/978-3-8348-9578-3}
}


@book{Drawehn.2014,
 author = {Drawehn, Jens and Kochanowski, Monika and K{\"o}tter, Falko},
 year = {2014},
 title = {Business Process Management Tools 2014: Markt{\"u}berblick},
 address = {Stuttgart},
 volume = {1},
 publisher = {{Fraunhofer Verlag}},
 isbn = {978-3-8396-0776-3},
 series = {Business Process Management Tools 2014}
}


@book{Elsner.2018,
 author = {Elsner, Martin and Gonz{\'a}lez, Glenn and Raben, Mark},
 year = {2018},
 title = {SAP Leonardo: Konzepte Technologien Best Practices},
 price = {Festeinband : EUR 69.90 (DE), EUR 71.90 (AT), CHF 91.90 (freier Preis)},
 address = {Bonn},
 edition = {1. Auflage},
 publisher = {{Rheinwerk Publishing}},
 isbn = {978-3-8362-6414-3},
 series = {SAP PRESS}
}


@book{Gadatsch.2013,
 author = {Gadatsch, Andreas},
 year = {2013},
 title = {Grundkurs Gesch{\"a}ftsprozess-Management},
 address = {Wiesbaden},
 publisher = {{Vieweg+Teubner Verlag}},
 isbn = {978-3-8348-2427-1},
 doi = {10.1007/978-3-8348-2428-8}
}


@book{Gerberich.2011,
 author = {Gerberich, Thorsten},
 year = {2011},
 title = {Lean oder MES in der Automobilzulieferindustrie: Ein Vorgehensmodell zur fallspezifischen Auswahl},
 url = {https://doi.org/10.1007/978-3-8349-6754-1},
 address = {Wiesbaden},
 publisher = {Gabler},
 isbn = {978-3-8349-2929-7},
 series = {SpringerLink B{\"u}cher},
 doi = {10.1007/978-3-8349-6754-1}
}


@article{Giua.2014,
 author = {Giua, Alessandro and Seatzu, Carla},
 year = {2014},
 title = {Petrinetze und die Steuerung Ereignisdiskreter Systeme},
 pages = {199--210},
 volume = {37},
 number = {3},
 issn = {0170-6012},
 journal = {Informatik-Spektrum},
 doi = {10.1007/s00287-014-0766-8}
}


@book{Hedtstuck.2017,
 author = {Hedtst{\"u}ck, Ulrich},
 year = {2017},
 title = {Complex Event Processing},
 address = {Berlin, Heidelberg},
 publisher = {{Springer Berlin Heidelberg}},
 isbn = {978-3-662-53450-2},
 doi = {10.1007/978-3-662-53451-9}
}


@book{Herzig.2018,
 abstract = {Tailor your SAP S/4HANA system to your business needs with SAP Cloud Platform and the SAP S/4HANA Cloud SDK. In this comprehensive guide to side-by-side extensibility, you'll learn to build, secure, and maintain applications that extend the functional scope and reach of SAP S/4HANA. Once the apps are up and running, integrate them with SAP S/4HANA and customize them further with in-app extensions. Optimize SAP S/4HANA for your business!--},
 author = {Herzig, Phillipp},
 year = {2018},
 title = {Extending SAP S4HANA: Side-by-side extensions with the SAPS4HANA cloud SDK},
 address = {Bonn and Boston},
 edition = {1st edition},
 publisher = {{Rheinwerk Publishing}},
 isbn = {978-1-4932-1715-1}
}


@book{Hoppe.2011,
 author = {Hoppe, Marc and Wollmann, Martin},
 year = {2011},
 title = {Lean Production mit SAP: [schlanke Produktionsprozesse mit SAP realisieren ; Kanban Sequenzplanung Losgr{\"o}{\ss}enverfahren u.v.m. ; Einsatz von SAP ERP SAP APO und SAP MII]},
 price = {Pp. : EUR 79.90 (DE), EUR 82.20 (AT), sfr 129.90 (freier Pr.)},
 address = {Bonn},
 edition = {1. Aufl.},
 publisher = {{Galileo Press}},
 isbn = {978-3-8362-1637-1},
 series = {SAP PRESS}
}


@book{Huber.2016,
 author = {Huber, Walter},
 year = {2016},
 title = {Industrie 4.0 in der Automobilproduktion},
 address = {Wiesbaden},
 publisher = {{Springer Fachmedien Wiesbaden}},
 isbn = {978-3-658-12731-2},
 doi = {10.1007/978-3-658-12732-9}
}


@book{Jacobs.2017,
 year = {2017},
 title = {Arbeit in der digitalen Transformation: Agilit{\"a}t, lebenslanges Lernen und Betriebspartner im Wandel : ein Beitrag des Human-Resources-Kreises von acatech und der Jacobs Foundation - Forum f{\"u}r Personalvorst{\"a}nde zur Zukunft der Arbeit : acatech Diskussion},
 address = {M{\"u}nchen},
 publisher = {{Herbert Utz Verlag}},
 isbn = {978-3-8316-4614-2},
 series = {acatech Diskussion},
 editor = {Jacobs, Johann Christian and Kagermann, Henning and Spath, Dieter}
}


@book{Jobst.2010,
 author = {Jobst, Daniel},
 year = {2010},
 title = {Service- und Ereignisorientierung im Contact-Center: Entwicklung eines Referenzmodells zur Prozessautomatisierung},
 url = {https://doi.org/10.1007/978-3-8349-8989-5},
 address = {Wiesbaden},
 publisher = {Gabler},
 isbn = {978-3-8349-2487-2},
 series = {SpringerLink B{\"u}cher},
 doi = {10.1007/978-3-8349-8989-5}
}


@book{Kieviet.2019,
 author = {Kieviet, Andr{\'e}},
 year = {2019},
 title = {Lean Digital Transformation},
 address = {Berlin, Heidelberg},
 publisher = {{Springer Berlin Heidelberg}},
 isbn = {978-3-662-58516-0},
 doi = {10.1007/978-3-662-58517-7}
}


@book{Worn.2005,
 author = {W{\"o}rn, Heinz},
 year = {2005},
 title = {Echtzeitsysteme: Grundlagen, Funktionsweisen, Anwendungen},
 address = {Berlin},
 edition = {1. Aufl.},
 publisher = {Springer},
 isbn = {978-3-540-20588-3}
}


